%1
@inproceedings{Shunkevich2018,
    author = "D. Shunkevich",
    title = "Agent-oriented models, method and tools of compatible problem solvers development for intelligent systems",
    booktitle ="Open semantic technologies for intelligent systems",
    editor = "V. Golenkov",
    publisher = "BSUIR, Minsk",
    series   = {2},
    year = "2018",
    pages = "119-132",
    language = {english},
    shorthand = "Shunkevich.D.V.AgentOMMTCPSDIS-2018ст",
    annotation = "Работа содержит описание агентно-ориентированных моделей, методов и средств разработки совместимых решателей задач интеллектуальных систем"
}
